<?xml version="1.0" encoding="UTF-8"?><collection xmlns="http://www.loc.gov/MARC21/slim"><record><leader>00564nam--2200169-i-4500</leader><controlfield tag="001">000022190</controlfield><controlfield tag="002">20161230</controlfield><controlfield tag="005">20161230201034</controlfield><controlfield tag="008">060222s1000------------r-----000-0-eng-d</controlfield><datafield ind1=" " ind2=" " tag="040"><subfield code="a">IFIN-HH</subfield></datafield><datafield ind1=" " ind2=" " tag="080"><subfield code="a">539.12.162.8(061.3)</subfield></datafield><datafield ind1="1" ind2=" " tag="100"><subfield code="a">Prentki, J</subfield></datafield><datafield ind1="1" ind2="0" tag="245"><subfield code="a">1962 international conference on high-energy physics at cern</subfield><subfield code="b">Sonsored by the international union of pure and applied physics (iupap) geneva, 4th-11th july, 1962</subfield><subfield code="c">J. prentki (ed.)</subfield></datafield><datafield ind1=" " ind2=" " tag="260"><subfield code="a">Geneve</subfield><subfield code="b">Cern</subfield><subfield code="c">1962</subfield></datafield><datafield ind1=" " ind2=" " tag="300"><subfield code="a">XXIV + 949P</subfield></datafield><datafield ind1=" " ind2=" " tag="852"><subfield code="a">18447</subfield><subfield code="c">539.131</subfield></datafield><datafield ind1=" " ind2=" " tag="CAT"><subfield code="a">Sys</subfield><subfield code="c">20120228</subfield><subfield code="h">161948</subfield></datafield></record></collection>